@article{chakraborty2014overview,
  title={An overview of face liveness detection},
  author={Chakraborty, Saptarshi and Das, Dhrubajyoti},
  journal={arXiv preprint arXiv:1405.2227},
  year={2014}
}

@inproceedings{pan2007eyeblink,
  title={Eyeblink-based anti-spoofing in face recognition from a generic webcamera},
  author={Pan, Gang and Sun, Lin and Wu, Zhaohui and Lao, Shihong},
  booktitle={Computer Vision, 2007. ICCV 2007. IEEE 11th International Conference on},
  pages={1--8},
  year={2007},
  organization={IEEE}
}