@inproceedings{chingovska2012effectiveness,
  title={On the effectiveness of local binary patterns in face anti-spoofing},
  author={Chingovska, Ivana and Anjos, Andr{\'e} and Marcel, S{\'e}bastien},
  booktitle={Biometrics Special Interest Group (BIOSIG), 2012 BIOSIG-Proceedings of the International Conference of the},
  pages={1--7},
  year={2012},
  organization={IEEE}
}

@inproceedings{maatta2011face,
  title={Face spoofing detection from single images using micro-texture analysis},
  author={M{\"a}{\"a}tt{\"a}, Jukka and Hadid, Abdenour and Pietik{\"a}inen, Matti},
  booktitle={Biometrics (IJCB), 2011 international joint conference on},
  pages={1--7},
  year={2011},
  organization={IEEE}
}

@article{wen2015face,
  title={Face spoof detection with image distortion analysis},
  author={Wen, Di and Han, Hu and Jain, Anil K},
  journal={IEEE Transactions on Information Forensics and Security},
  volume={10},
  number={4},
  pages={746--761},
  year={2015},
  publisher={IEEE}
}

@inproceedings{Bao2009A,
  title={A liveness detection method for face recognition based on optical flow field},
  author={Bao, Wei and Li, Hong and Li, Nan and Jiang, Wei},
  booktitle={International Conference on Image Analysis and Signal Processing},
  pages={233-236},
  year={2009},
}

@inproceedings{pan2007eyeblink,
  title={Eyeblink-based anti-spoofing in face recognition from a generic webcamera},
  author={Pan, Gang and Sun, Lin and Wu, Zhaohui and Lao, Shihong},
  booktitle={Computer Vision, 2007. ICCV 2007. IEEE 11th International Conference on},
  pages={1--8},
  year={2007},
  organization={IEEE}
}

@inproceedings{lagorio2013liveness,
  title={Liveness detection based on 3D face shape analysis},
  author={Lagorio, Andrea and Tistarelli, Massimo and Cadoni, Marinella and Fookes, Clinton and Sridharan, Sridha},
  booktitle={Biometrics and Forensics (IWBF), 2013 International Workshop on},
  pages={1--4},
  year={2013},
}

@article{erdogmus2014spoofing,
  title={Spoofing face recognition with 3D masks},
  author={Erdogmus, Nesli and Marcel, Sebastien},
  journal={IEEE transactions on information forensics and security},
  volume={9},
  number={7},
  pages={1084--1097},
  year={2014},
  publisher={IEEE}
}

@inproceedings{li2004live,
  title={Live face detection based on the analysis of fourier spectra},
  author={Li, Jiangwei and Wang, Yunhong and Tan, Tieniu and Jain, Anil K},
  booktitle={Biometric Technology for Human Identification},
  volume={5404},
  pages={296--304},
  year={2004},
  organization={International Society for Optics and Photonics}
}

@inproceedings{tan2010face,
  title={Face liveness detection from a single image with sparse low rank bilinear discriminative model},
  author={Tan, Xiaoyang and Li, Yi and Liu, Jun and Jiang, Lin},
  booktitle={European Conference on Computer Vision},
  pages={504--517},
  year={2010},
  organization={Springer}
}

@inproceedings{de2012moving,
  title={Moving face spoofing detection via 3D projective invariants},
  author={De Marsico, Maria and Nappi, Michele and Riccio, Daniel and Dugelay, Jean-Luc},
  booktitle={Biometrics (ICB), 2012 5th IAPR International Conference on},
  pages={73--78},
  year={2012},
  organization={IEEE}
}

@inproceedings{wang2013face,
  title={Face liveness detection using 3D structure recovered from a single camera},
  author={Wang, Tao and Yang, Jianwei and Lei, Zhen and Liao, Shengcai and Li, Stan Z},
  booktitle={Biometrics (ICB), 2013 International Conference on},
  pages={1--6},
  year={2013},
  organization={IEEE}
}

@inproceedings{kollreider2005evaluating,
  title={Evaluating liveness by face images and the structure tensor},
  author={Kollreider, Klaus and Fronthaler, Hartwig and Bigun, Josef},
  booktitle={Automatic Identification Advanced Technologies, 2005. Fourth IEEE Workshop on},
  pages={75--80},
  year={2005},
  organization={IEEE}
}

@inproceedings{pavlidis2000imaging,
  title={The imaging issue in an automatic face/disguise detection system},
  author={Pavlidis, Ioannis and Symosek, Peter},
  booktitle={Computer Vision Beyond the Visible Spectrum: Methods and Applications, 2000. Proceedings. IEEE Workshop on},
  pages={15--24},
  year={2000},
  organization={IEEE}
}

@article{hou2013multispectral,
  title={Multispectral face liveness detection method based on gradient features},
  author={Hou, Ya-Li and Hao, Xiaoli and Wang, Yueyang and Guo, Changqing},
  journal={Optical Engineering},
  volume={52},
  number={11},
  pages={113102},
  year={2013},
  publisher={International Society for Optics and Photonics}
}


@inproceedings{he2016deep,
  title={Deep residual learning for image recognition},
  author={He, Kaiming and Zhang, Xiangyu and Ren, Shaoqing and Sun, Jian},
  booktitle={Proceedings of the IEEE conference on computer vision and pattern recognition},
  pages={770--778},
  year={2016}
}

@inproceedings{he2016identity,
  title={Identity mappings in deep residual networks},
  author={He, Kaiming and Zhang, Xiangyu and Ren, Shaoqing and Sun, Jian},
  booktitle={European Conference on Computer Vision},
  pages={630--645},
  year={2016},
  organization={Springer}
}

@article{alotaibi2017deep,
	title={Deep face liveness detection based on nonlinear diffusion using convolution neural network},
	author={Alotaibi, Aziz and Mahmood, Ausif},
	journal={Signal, Image and Video Processing},
	volume={11},
	number={4},
	pages={713--720},
	year={2017},
	publisher={Springer}
}
@inproceedings{bengio2004statistical,
	title={A statistical significance test for person authentication},
	author={Bengio, Samy and Mari{\'e}thoz, Johnny},
	booktitle={Proceedings of Odyssey 2004: The Speaker and Language Recognition Workshop},
	number={EPFL-CONF-83049},
	year={2004}
}

