@article{chakraborty2014overview,
  title={An overview of face liveness detection},
  author={Chakraborty, Saptarshi and Das, Dhrubajyoti},
  journal={arXiv preprint arXiv:1405.2227},
  year={2014}
}

@inproceedings{pan2007eyeblink,
  title={Eyeblink-based anti-spoofing in face recognition from a generic webcamera},
  author={Pan, Gang and Sun, Lin and Wu, Zhaohui and Lao, Shihong},
  booktitle={Computer Vision, 2007. ICCV 2007. IEEE 11th International Conference on},
  pages={1--8},
  year={2007},
  organization={IEEE}
}

@inproceedings{chingovska2012effectiveness,
  title={On the effectiveness of local binary patterns in face anti-spoofing},
  author={Chingovska, Ivana and Anjos, Andr{\'e} and Marcel, S{\'e}bastien},
  booktitle={Biometrics Special Interest Group (BIOSIG), 2012 BIOSIG-Proceedings of the International Conference of the},
  pages={1--7},
  year={2012},
  organization={IEEE}
}

@inproceedings{maatta2011face,
  title={Face spoofing detection from single images using micro-texture analysis},
  author={M{\"a}{\"a}tt{\"a}, Jukka and Hadid, Abdenour and Pietik{\"a}inen, Matti},
  booktitle={Biometrics (IJCB), 2011 international joint conference on},
  pages={1--7},
  year={2011},
  organization={IEEE}
}

@article{ojala2002multiresolution,
  title={Multiresolution gray-scale and rotation invariant texture classification with local binary patterns},
  author={Ojala, Timo and Pietikainen, Matti and Maenpaa, Topi},
  journal={IEEE Transactions on pattern analysis and machine intelligence},
  volume={24},
  number={7},
  pages={971--987},
  year={2002},
  publisher={IEEE}
}

@inproceedings{kollreider2005evaluating,
  title={Evaluating liveness by face images and the structure tensor},
  author={Kollreider, Klaus and Fronthaler, Hartwig and Bigun, Josef},
  booktitle={Automatic Identification Advanced Technologies, 2005. Fourth IEEE Workshop on},
  pages={75--80},
  year={2005},
  organization={IEEE}
}

@inproceedings{frischholz2003avoiding,
  title={Avoiding replay-attacks in a face recognition system using head-pose estimation},
  author={Frischholz, Robert W and Werner, Alexander},
  booktitle={Analysis and Modeling of Faces and Gestures, 2003. AMFG 2003. IEEE International Workshop on},
  pages={234--235},
  year={2003},
  organization={IEEE}
}

@article{lafferty2001conditional,
  title={Conditional random fields: Probabilistic models for segmenting and labeling sequence data},
  author={Lafferty, John and McCallum, Andrew and Pereira, Fernando CN},
  year={2001}
}

@book{li2009markov,
  title={Markov random field modeling in image analysis},
  author={Li, Stan Z},
  year={2009},
  publisher={Springer Science \& Business Media}
}

@inproceedings{sha2003shallow,
  title={Shallow parsing with conditional random fields},
  author={Sha, Fei and Pereira, Fernando},
  booktitle={Proceedings of the 2003 Conference of the North American Chapter of the Association for Computational Linguistics on Human Language Technology-Volume 1},
  pages={134--141},
  year={2003},
  organization={Association for Computational Linguistics}
}

@article{socolinsky2003face,
  title={Face recognition with visible and thermal infrared imagery},
  author={Socolinsky, Diego A and Selinger, Andrea and Neuheisel, Joshua D},
  journal={Computer vision and image understanding},
  volume={91},
  number={1-2},
  pages={72--114},
  year={2003},
  publisher={Elsevier}
}

@inproceedings{viola2001rapid,
  title={Rapid object detection using a boosted cascade of simple features},
  author={Viola, Paul and Jones, Michael},
  booktitle={Computer Vision and Pattern Recognition, 2001. CVPR 2001. Proceedings of the 2001 IEEE Computer Society Conference on},
  volume={1},
  pages={I--I},
  year={2001},
  organization={IEEE}
}

@article{rabiner1989tutorial,
  title={A tutorial on hidden Markov models and selected applications in speech recognition},
  author={Rabiner, Lawrence R},
  journal={Proceedings of the IEEE},
  volume={77},
  number={2},
  pages={257--286},
  year={1989},
  publisher={Ieee}
}

@article{freund1997decision,
  title={A decision-theoretic generalization of on-line learning and an application to boosting},
  author={Freund, Yoav and Schapire, Robert E},
  journal={Journal of computer and system sciences},
  volume={55},
  number={1},
  pages={119--139},
  year={1997},
  publisher={Elsevier}
}

@article{erdogmus2014spoofing,
  title={Spoofing face recognition with 3D masks},
  author={Erdogmus, Nesli and Marcel, Sebastien},
  journal={IEEE transactions on information forensics and security},
  volume={9},
  number={7},
  pages={1084--1097},
  year={2014},
  publisher={IEEE}
}

@inproceedings{erdogmus2013spoofing,
  title={Spoofing in 2D face recognition with 3D masks and anti-spoofing with Kinect},
  author={Erdogmus, Nesli and Marcel, Sebastien},
  booktitle={Biometrics: Theory, Applications and Systems (BTAS), 2013 IEEE Sixth International Conference on},
  pages={1--6},
  year={2013},
  organization={IEEE}
}

@inproceedings{kose2013countermeasure,
  title={Countermeasure for the protection of face recognition systems against mask attacks},
  author={Kose, Neslihan and Dugelay, Jean-Luc},
  booktitle={Automatic Face and Gesture Recognition (FG), 2013 10th IEEE International Conference and Workshops on},
  pages={1--6},
  year={2013},
  organization={IEEE}
}

@inproceedings{Bao2009A,
  title={A liveness detection method for face recognition based on optical flow field},
  author={Bao, Wei and Li, Hong and Li, Nan and Jiang, Wei},
  booktitle={International Conference on Image Analysis and Signal Processing},
  pages={233-236},
  year={2009},
}

@book{Barron1994Performance,
  title={Performance of optical flow techniques},
  author={Barron, J. L. and Fleet, D. J. and Beauchemin, S. S.},
  publisher={Kluwer Academic Publishers},
  pages={43-77},
  year={1994},
}

@inproceedings{li2016face,
  title={Face spoofing detection with image quality regression},
  author={Li, Haoliang and Wang, Shiqi and Kot, Alex C},
  booktitle={Image Processing Theory Tools and Applications (IPTA), 2016 6th International Conference on},
  pages={1--6},
  year={2016},
  organization={IEEE}
}

@article{wen2015face,
  title={Face spoof detection with image distortion analysis},
  author={Wen, Di and Han, Hu and Jain, Anil K},
  journal={IEEE Transactions on Information Forensics and Security},
  volume={10},
  number={4},
  pages={746--761},
  year={2015},
  publisher={IEEE}
}

@article{shafer1985using,
  title={Using color to separate reflection components},
  author={Shafer, Steven A},
  journal={Color Research \& Application},
  volume={10},
  number={4},
  pages={210--218},
  year={1985},
  publisher={Wiley Online Library}
}

@article{jain2005score,
  title={Score normalization in multimodal biometric systems},
  author={Jain, Anil and Nandakumar, Karthik and Ross, Arun},
  journal={Pattern recognition},
  volume={38},
  number={12},
  pages={2270--2285},
  year={2005},
  publisher={Elsevier}
}


@inproceedings{kose2012classification,
  title={Classification of captured and recaptured images to detect photograph spoofing},
  author={Kose, Neslihan and Dugelay, Jean-Luc},
  booktitle={Informatics, Electronics \& Vision (ICIEV), 2012 International Conference on},
  pages={1027--1032},
  year={2012},
  organization={IEEE}
}

@inproceedings{lagorio2013liveness,
  title={Liveness detection based on 3D face shape analysis},
  author={Lagorio, Andrea and Tistarelli, Massimo and Cadoni, Marinella and Fookes, Clinton and Sridharan, Sridha},
  booktitle={Biometrics and Forensics (IWBF), 2013 International Workshop on},
  pages={1--4},
  year={2013},
}

@inproceedings{crete2007blur,
  title={The blur effect: perception and estimation with a new no-reference perceptual blur metric},
  author={Crete, Frederique and Dolmiere, Thierry and Ladret, Patricia and Nicolas, Marina},
  booktitle={Human vision and electronic imaging XII},
  volume={6492},
  pages={64920I},
  year={2007},
  organization={International Society for Optics and Photonics}
}

@inproceedings{marziliano2002no,
  title={A no-reference perceptual blur metric},
  author={Marziliano, Pina and Dufaux, Frederic and Winkler, Stefan and Ebrahimi, Touradj},
  booktitle={Image processing. 2002. Proceedings. 2002 international conference on},
  volume={3},
  pages={III--III},
  year={2002},
  organization={IEEE}
}

@inproceedings{chen2006automatic,
  title={Automatic classification of photographs and graphics},
  author={Chen, Yuanhao and Li, Zhiwei and Li, Mingjing and Ma, Wei-Ying},
  booktitle={Multimedia and Expo, 2006 IEEE International Conference on},
  pages={973--976},
  year={2006},
  organization={IEEE}
}
@incollection{tan2008separating,
  title={Separating reflection components of textured surfaces using a single image},
  author={Tan, Robby T and Ikeuchi, Katsushi},
  booktitle={Digitally Archiving Cultural Objects},
  pages={353--384},
  year={2008},
  publisher={Springer}
}
@inproceedings{gao2010single,
  title={Single-view recaptured image detection based on physics-based features},
  author={Gao, Xinting and Ng, Tian-Tsong and Qiu, Bo and Chang, Shih-Fu},
  booktitle={Multimedia and Expo (ICME), 2010 IEEE International Conference on},
  pages={1469--1474},
  year={2010},
  organization={IEEE}
}
@inproceedings{asthana2013robust,
  title={Robust discriminative response map fitting with constrained local models},
  author={Asthana, Akshay and Zafeiriou, Stefanos and Cheng, Shiyang and Pantic, Maja},
  booktitle={Computer Vision and Pattern Recognition (CVPR), 2013 IEEE Conference on},
  pages={3444--3451},
  year={2013},
  organization={IEEE}
}
@article{chang2011libsvm,
  title={LIBSVM: a library for support vector machines},
  author={Chang, Chih-Chung and Lin, Chih-Jen},
  journal={ACM transactions on intelligent systems and technology (TIST)},
  volume={2},
  number={3},
  pages={27},
  year={2011},
  publisher={Acm}
}
@inproceedings{li2016generalized,
  title={Generalized face anti-spoofing by detecting pulse from face videos},
  author={Li, Xiaobai and Komulainen, Jukka and Zhao, Guoying and Yuen, Pong-Chi and Pietik{\"a}inen, Matti},
  booktitle={Pattern Recognition (ICPR), 2016 23rd International Conference on},
  pages={4244--4249},
  year={2016},
  organization={IEEE}
}
@inproceedings{li2014remote,
  title={Remote heart rate measurement from face videos under realistic situations},
  author={Li, Xiaobai and Chen, Jie and Zhao, Guoying and Pietikainen, Matti},
  booktitle={Proceedings of the IEEE conference on computer vision and pattern recognition},
  pages={4264--4271},
  year={2014}
}
@article{poh2011advancements,
  title={Advancements in noncontact, multiparameter physiological measurements using a webcam},
  author={Poh, Ming-Zher and McDuff, Daniel J and Picard, Rosalind W},
  journal={IEEE transactions on biomedical engineering},
  volume={58},
  number={1},
  pages={7--11},
  year={2011},
  publisher={IEEE}
}
@article{tomasi1991detection,
  title={Detection and tracking of point features},
  author={Tomasi, Carlo and Kanade, Takeo},
  year={1991},
  publisher={School of Computer Science, Carnegie Mellon Univ. Pittsburgh}
}
@article{tarvainen2002advanced,
  title={An advanced detrending method with application to HRV analysis},
  author={Tarvainen, Mika P and Ranta-Aho, Perttu O and Karjalainen, Pasi A},
  journal={IEEE Transactions on Biomedical Engineering},
  volume={49},
  number={2},
  pages={172--175},
  year={2002},
  publisher={IEEE}
}

@article{wang2016guided,
  title={Guided image contrast enhancement based on retrieved images in cloud},
  author={Wang, Shiqi and Gu, Ke and Ma, Siwei and Lin, Weisi and Liu, Xianming and Gao, Wen},
  journal={IEEE Transactions on Multimedia},
  volume={18},
  number={2},
  pages={219--232},
  year={2016},
  publisher={IEEE}
}

@article{wang2012ssim,
  title={SSIM-motivated rate-distortion optimization for video coding},
  author={Wang, Shiqi and Rehman, Abdul and Wang, Zhou and Ma, Siwei and Gao, Wen},
  journal={IEEE Transactions on Circuits and Systems for Video Technology},
  volume={22},
  number={4},
  pages={516--529},
  year={2012},
  publisher={IEEE}
}

@article{lin2011perceptual,
  title={Perceptual visual quality metrics: A survey},
  author={Lin, Weisi and Kuo, C-C Jay},
  journal={Journal of Visual Communication and Image Representation},
  volume={22},
  number={4},
  pages={297--312},
  year={2011},
  publisher={Elsevier}
}

@article{wang2004image,
  title={Image quality assessment: from error visibility to structural similarity},
  author={Wang, Zhou and Bovik, Alan C and Sheikh, Hamid R and Simoncelli, Eero P},
  journal={IEEE transactions on image processing},
  volume={13},
  number={4},
  pages={600--612},
  year={2004},
  publisher={IEEE}
}

@article{galbally2014image,
  title={Image quality assessment for fake biometric detection: Application to iris, fingerprint, and face recognition},
  author={Galbally, Javier and Marcel, S{\'e}bastien and Fierrez, Julian},
  journal={IEEE transactions on image processing},
  volume={23},
  number={2},
  pages={710--724},
  year={2014},
  publisher={IEEE}
}

@article{tuia2011multioutput,
  title={Multioutput support vector regression for remote sensing biophysical parameter estimation},
  author={Tuia, Devis and Verrelst, Jochem and Alonso, Luis and P{\'e}rez-Cruz, Fernando and Camps-Valls, Gustavo},
  journal={IEEE Geoscience and Remote Sensing Letters},
  volume={8},
  number={4},
  pages={804--808},
  year={2011},
  publisher={IEEE}
}

@inproceedings{zhang2012face,
  title={A face antispoofing database with diverse attacks},
  author={Zhang, Zhiwei and Yan, Junjie and Liu, Sifei and Lei, Zhen and Yi, Dong and Li, Stan Z},
  booktitle={Biometrics (ICB), 2012 5th IAPR international conference on},
  pages={26--31},
  year={2012},
  organization={IEEE}
}
@inproceedings{tan2010face,
  title={Face liveness detection from a single image with sparse low rank bilinear discriminative model},
  author={Tan, Xiaoyang and Li, Yi and Liu, Jun and Jiang, Lin},
  booktitle={European Conference on Computer Vision},
  pages={504--517},
  year={2010},
  organization={Springer}
}